@article{asdf,
    title={Dummy cite to be filled in later},
    author={AAA},
}

@online{cdc2018symptoms,
    title={{Symptoms, Diagnosis, \& Treatment | West Nile Virus | CDC}},
    url={https://www.cdc.gov/westnile/symptoms/index.html},
    organization={Centers for Disease Control and Prevention},
    date={2018-12-10},
    urldate={2019-06-21}
}
    Accessed 2019-06-21
    I ought to find a better cite for this. But this will do for now
    journal={Symptoms, Diagnosis, & Treatment | West Nile Virus | CDC},

@article{weir2000sharp,
  title={The sharp end of the dural puncture},
  author={Weir, Evelyn C},
  journal={Bmj},
  volume={320},
  number={7227},
  pages={127},
  year={2000},
  publisher={British Medical Journal Publishing Group}
}
Only used for description of PDPH pain

@article{george2014encephalitis,
  title={Encephalitis hospitalization rates and inpatient mortality in the United States, 2000-2010},
  author={George, Benjamin P and Schneider, Eric B and Venkatesan, Arun},
  journal={PLoS One},
  volume={9},
  number={9},
  pages={e104169},
  year={2014},
  publisher={Public Library of Science}
}
Main source of encephalitis stats

@article{khetsuriani2003viral,
  title={Viral meningitis-associated hospitalizations in the United States, 1988--1999},
  author={Khetsuriani, Nino and Quiroz, Eva S and Holman, Robert C and Anderson, Larry J},
  journal={Neuroepidemiology},
  volume={22},
  number={6},
  pages={345--352},
  year={2003},
  publisher={Karger Publishers}
}
I had thought this was the main source of meningitis stats, but it doesn't appear to be

@article{bond1966california,
  title={California group arboviruses in Florida and report of a new strain, Keystone virus.},
  author={Bond, JO and Hammon, WM and Lewis, AL and Sather, GE and Taylor, DJ},
  journal={Public health reports},
  volume={81},
  number={7},
  pages={607},
  year={1966},
  publisher={Association of Schools of Public Health}
}

@article{lednicky2018keystone,
  title={Keystone Virus Isolated from a Florida Teenager with Rash and Subjective Fever: Another Endemic Arbovirus in the Southeastern United States?},
  author={Lednicky, John A and White, Sarah K and Stephenson, Caroline J and Cherabuddi, Kartikeya and Loeb, Julia C and Moussatche, Nissin and Lednicky, Andrew and Morris, J Glenn},
  journal={Clinical Infectious Diseases},
  year={2018}
}

@article{reinert2000new,
  title={New classification for the composite genus Aedes (Diptera: Culicidae: Aedini), elevation of subgenus Ochlerotatus to generic rank, reclassification of the other subgenera, and notes on certain subgenera and species},
  author={Reinert, JOHN F and others},
  journal={Journal of the American Mosquito Control Association-Mosquito News},
  volume={16},
  number={3},
  pages={175--188},
  year={2000},
  publisher={[Fresno, Calif.]: The Association,[c1985-}
}

@article{jennings1970tamiami,
  title={Tamiami virus in the Tampa Bay area},
  author={Jennings, WL and Lewis, AL and Sather, GE and Pierce, LV and Bond, JO},
  journal={The American journal of tropical medicine and hygiene},
  volume={19},
  number={3},
  pages={527--536},
  year={1970},
  publisher={ASTMH}
}

@article{taylor1971california,
  title={California group arboviruses in Florida},
  author={Taylor, DJ and Lewis, AL and Edman, JD and Jennings, WL},
  journal={The American journal of tropical medicine and hygiene},
  volume={20},
  number={1},
  pages={139--145},
  year={1971},
  publisher={ASTMH}
}

@article{watts1979experimental,
  title={Experimental infection of vertebrates of the Pocomoke Cypress Swamp, Maryland with Keystone and Jamestown Canyon viruses},
  author={Watts, Douglas M and Tammariello, Ralph F and Dalrymple, Joel M and Eldridge, Bruce F and Russell, Philip K and Top Jr, Franklin H},
  journal={The American journal of tropical medicine and hygiene},
  volume={28},
  number={2},
  pages={344--350},
  year={1979},
  publisher={ASTMH}
}

@article{watts1988maintenance,
  title={Maintenance and transmission of keystone virus by Aedes atlanticus (Diptera: Culicidae) and the gray squirrel in the Pocomoke Cypress Swamp, Maryland},
  author={Watts, Douglas M and Bailey, Charles L and Roberts, Nancy T and Tammariello, Ralph F and Dalrymple, Joel M and Clark, Gary C},
  journal={Journal of medical entomology},
  volume={25},
  number={6},
  pages={493--500},
  year={1988},
  publisher={Oxford University Press Oxford, UK}
}

@article{jennings1968california,
  title={California-encephalitis-group viruses in Florida rabbits},
  author={Jennings, William L and Lewis, Arthur L and Sather, Gladys E and Hammon, W McD and Bond, James O},
  journal={The American journal of tropical medicine and hygiene},
  volume={17},
  number={5},
  pages={781--787},
  year={1968},
  publisher={ASTMH}
}

@article{balada2019cost,
  title={Cost of managing meningitis and encephalitis among infants and children in the United States},
  author={Balada-Llasat, Joan M and Rosenthal, Ning and Hasbun, Rodrigo and Zimmer, Louise and Bozzette, Samuel and Duff, Steven and Chung, Jessica and Ginocchio, Christine C},
  journal={Diagnostic microbiology and infectious disease},
  volume={93},
  number={4},
  pages={349--354},
  year={2019},
  publisher={Elsevier}
}

@article{hasbun2019epidemiology,
  title={Epidemiology of Meningitis and Encephalitis in Infants and Children in the United States, 2011--2014},
  author={Hasbun, Rodrigo and Wootton, Susan H and Rosenthal, Ning and Balada-Llasat, Joan Miquel and Chung, Jessica and Duff, Steve and Bozzette, Samuel and Zimmer, Louise and Ginocchio, Christine C},
  journal={The Pediatric infectious disease journal},
  volume={38},
  number={1},
  pages={37--41},
  year={2019},
  publisher={LWW}
}

@book{ropper2014adams,
  title={Adams and Victor's Principles of Neurology 10th Edition},
  author={Ropper, A.H. and Samuels, M.A. and Klein, J.},
  isbn={9780071800914},
  url={https://books.google.com/books?id=U3XhAgAAQBAJ},
  year={2014},
  publisher={McGraw-Hill Education}
}
not the greatest source, but it'll do for now
